@INBOOK{Coughlin2016,
	author = {{Coughlin}, Michael and {Abbott}, T.~M.~C. and {Brannon}, Kairn and
	{Claver}, Chuck and {Doherty}, Peter and {Fisher-Levine}, Merlin and
	{Ingraham}, Patrick and {Lupton}, Robert and {Mondrik}, Nicholas and
	{Stubbs}, Christopher},
	title = "{A collimated beam projector for precise telescope calibration}",
	keywords = {Astrophysics - Instrumentation and Methods for Astrophysics},
	booktitle = {\procspie},
	year = 2016,
	volume = {9910},
	series = {Society of Photo-Optical Instrumentation Engineers (SPIE) Conference Series},
	eid = {99100V},
	pages = {99100V},
	doi = {10.1117/12.2231677},
	adsurl = {https://ui.adsabs.harvard.edu/abs/2016SPIE.9910E..0VC},
	adsnote = {Provided by the SAO/NASA Astrophysics Data System}
}
@INPROCEEDINGS{Coughlin2018,
	author = {{Coughlin}, Michael W. and {Deustua}, Susana and {Guyonnet}, Augustin and
	{Mondrik}, Nicholas and {Rice}, Joseph P. and {Stubbs}, Christopher W. and
	{Woodward}, John T.},
	title = "{Testing of the LSST's photometric calibration strategy at the CTIO 0.9 meter telescope}",
	keywords = {Astrophysics - Instrumentation and Methods for Astrophysics},
	booktitle = {\procspie},
	year = 2018,
	series = {Society of Photo-Optical Instrumentation Engineers (SPIE) Conference Series},
	volume = {10704},
	month = jul,
	eid = {1070420},
	pages = {1070420},
	doi = {10.1117/12.2309582},
	archivePrefix = {arXiv},
	eprint = {1806.02422},
	primaryClass = {astro-ph.IM},
	adsurl = {https://ui.adsabs.harvard.edu/abs/2018SPIE10704E..20C},
	adsnote = {Provided by the SAO/NASA Astrophysics Data System}
}


@INBOOK{Ingraham2016,
	author = {{Ingraham}, Patrick and {Stubbs}, Christopher W. and {Claver}, Charles and
	{Lupton}, Robert and {Araujo}, Constanza and {Liang}, Ming and
	{Andrew}, John and {Barr}, Jeff and {Brannon}, Kairn and
	{Coughlin}, Michael and {Fisher-Lavine}, Merlin and
	{Gressler}, William and {Sebag}, Jacques and {Thomas}, Sandrine and
	{Wiecha}, Oliver and {Yoachim}, Peter},
	title = "{The LSST calibration hardware system design and development}",
	booktitle = {\procspie},
	year = 2016,
	volume = {9906},
	series = {Society of Photo-Optical Instrumentation Engineers (SPIE) Conference Series},
	eid = {99060O},
	pages = {99060O},
	doi = {10.1117/12.2233404},
	adsurl = {https://ui.adsabs.harvard.edu/abs/2016SPIE.9906E..0OI},
	adsnote = {Provided by the SAO/NASA Astrophysics Data System}
}
@INBOOK{Sebag2014,
       author = {{Sebag}, Jacques and {Gressler}, William J. and {Liang}, Ming and
         {Axelrod}, Tim and {Claver}, Chuck and {Andrew}, John},
        title = "{Calibration systems for LSST}",
    booktitle = {\procspie},
         year = 2014,
       volume = {9145},
       series = {Society of Photo-Optical Instrumentation Engineers (SPIE) Conference Series},
          eid = {91453L},
        pages = {91453L},
          doi = {10.1117/12.2055232},
       adsurl = {https://ui.adsabs.harvard.edu/abs/2014SPIE.9145E..3LS},
      adsnote = {Provided by the SAO/NASA Astrophysics Data System}
}


